@book{proudfoot2004,
    AUTHOR = {Proudfoot, Nicholas James},
     TITLE = {Hyperkahler analogues of {K}ahler quotients},
      NOTE = {Thesis (Ph.D.)--University of California, Berkeley},
      YEAR = {2004}
}

@book{guillemin1994,
    AUTHOR = {Guillemin, Victor},
     TITLE = {Moment maps and combinatorial invariants of {H}amiltonian
              {$T^n$}-spaces},
    SERIES = {Progress in Mathematics},
    VOLUME = {122},
 PUBLISHER = {Birkh\"{a}user Boston, Inc., Boston, MA},
      YEAR = {1994}
}

@article{BD2000,
    AUTHOR = {Bielawski, Roger and Dancer, Andrew S.},
     TITLE = {The geometry and topology of toric hyperk\"{a}hler manifolds},
   JOURNAL = {Comm. Anal. Geom.},
  FJOURNAL = {Communications in Analysis and Geometry},
    VOLUME = {8},
      YEAR = {2000},
    NUMBER = {4}
}

 @article{delzant1988,
    AUTHOR = {Delzant, Thomas},
     TITLE = {Hamiltoniens p\'{e}riodiques et images convexes de l'application
              moment},
   JOURNAL = {Bull. Soc. Math. France},
  FJOURNAL = {Bulletin de la Soci\'{e}t\'{e} Math\'{e}matique de France},
    VOLUME = {116},
      YEAR = {1988},
    NUMBER = {3}
}

@article {lerman1995,
    AUTHOR = {Lerman, Eugene},
     TITLE = {Symplectic cuts},
   JOURNAL = {Math. Res. Lett.},
  FJOURNAL = {Mathematical Research Letters},
    VOLUME = {2},
      YEAR = {1995},
    NUMBER = {3},
}

@article {verlinde1988,
    AUTHOR = {Verlinde, Erik},
     TITLE = {Fusion rules and modular transformations in {$2$}{D} conformal
              field theory},
   JOURNAL = {Nuclear Phys. B},
  FJOURNAL = {Nuclear Physics. B. Theoretical, Phenomenological, and
              Experimental High Energy Physics. Quantum Field Theory and
              Statistical Systems},
    VOLUME = {300},
      YEAR = {1988},
    NUMBER = {3},
}

@article {GP2017,
    AUTHOR = {Gukov, Sergei and Pei, Du},
     TITLE = {Equivariant {V}erlinde formula from fivebranes and vortices},
   JOURNAL = {Comm. Math. Phys.},
  FJOURNAL = {Communications in Mathematical Physics},
    VOLUME = {355},
      YEAR = {2017},
    NUMBER = {1},
}

@article {NR1969,
    AUTHOR = {Narasimhan, M. S. and Ramanan, S.},
     TITLE = {Moduli of vector bundles on a compact {R}iemann surface},
   JOURNAL = {Ann. of Math. (2)},
  FJOURNAL = {Annals of Mathematics. Second Series},
    VOLUME = {89},
      YEAR = {1969},
}

@article {barvinok1993,
    AUTHOR = {Barvinok, Alexander I.},
     TITLE = {Computing the volume, counting integral points, and
              exponential sums},
   JOURNAL = {Discrete Comput. Geom.},
  FJOURNAL = {Discrete \& Computational Geometry. An International Journal
              of Mathematics and Computer Science},
    VOLUME = {10},
      YEAR = {1993},
    NUMBER = {2},
}

@article {JW1992,
    AUTHOR = {Jeffrey, Lisa C. and Weitsman, Jonathan},
     TITLE = {Bohr-{S}ommerfeld orbits in the moduli space of flat
              connections and the {V}erlinde dimension formula},
   JOURNAL = {Comm. Math. Phys.},
  FJOURNAL = {Communications in Mathematical Physics},
    VOLUME = {150},
      YEAR = {1992},
    NUMBER = {3},
}